<record xmlns='http://www.loc.gov/MARC21/slim'><leader>01134cim a22003132u 4500</leader><controlfield tag='001'>3601042</controlfield><controlfield tag='005'>20151214182753.0</controlfield><controlfield tag='007'>ss|lmnjluz|nuu</controlfield><controlfield tag='008'>991101s1984    nyunnn         l    eng d</controlfield><datafield ind1=' ' ind2=' ' tag='035'><subfield code='a'>(NIC)notisASF8107</subfield></datafield><datafield ind1=' ' ind2=' ' tag='035'><subfield code='a'>3601042</subfield></datafield><datafield ind1=' ' ind2=' ' tag='035'><subfield code='a'>(OCoLC)63896972</subfield></datafield><datafield ind1=' ' ind2=' ' tag='040'><subfield code='a'>NIC</subfield><subfield code='c'>NIC</subfield><subfield code='d'>NIC</subfield></datafield><datafield ind1='1' ind2=' ' tag='100'><subfield code='a'>Caplan, Paula J.</subfield></datafield><datafield ind1='1' ind2='4' tag='245'><subfield code='a'>The myth of women&apos;s masochism</subfield><subfield code='h'>[sound recording]</subfield></datafield><datafield ind1=' ' ind2=' ' tag='260'><subfield code='c'>1984.</subfield></datafield><datafield ind1=' ' ind2=' ' tag='300'><subfield code='a'>1 sound cassette (80 min.) :</subfield><subfield code='b'>analog, mono.</subfield></datafield><datafield ind1=' ' ind2=' ' tag='500'><subfield code='a'>Recorded in Ithaca, NY by Cornell University.</subfield></datafield><datafield ind1=' ' ind2=' ' tag='500'><subfield code='a'>Sponsored by: Women&apos;s Studies Program,University Health Services.</subfield></datafield><datafield ind1=' ' ind2=' ' tag='518'><subfield code='a'>Lecture, November 15, 1984.</subfield></datafield><datafield ind1=' ' ind2=' ' tag='520'><subfield code='a'>Caplan describes a number of ideas which surround sex differences, particularly those which relate to female &quot;masochism&quot;.</subfield></datafield><datafield ind1=' ' ind2='0' tag='650'><subfield code='a'>Sex differences.</subfield></datafield><datafield ind1=' ' ind2='0' tag='650'><subfield code='a'>Masochism</subfield><subfield code='x'>Sex differences.</subfield></datafield><datafield ind1=' ' ind2='0' tag='650'><subfield code='a'>Psychology, Pathological.</subfield></datafield><datafield ind1=' ' ind2='7' tag='650'><subfield code='a'>Psychology, Pathological</subfield><subfield code='2'>fast</subfield><subfield code='0'>(OCoLC)fst01081609</subfield></datafield><datafield ind1=' ' ind2='7' tag='650'><subfield code='a'>Sex differences</subfield><subfield code='2'>fast</subfield><subfield code='0'>(OCoLC)fst01114321</subfield></datafield><datafield ind1='1' ind2=' ' tag='899'><subfield code='a'>CULectures</subfield></datafield><datafield ind1=' ' ind2=' ' tag='905'><subfield code='a'>19991201120000.0</subfield></datafield><datafield ind1='2' ind2=' ' tag='948'><subfield code='a'>20141221</subfield><subfield code='b'>m</subfield><subfield code='d'>batch</subfield><subfield code='e'>lts</subfield><subfield code='x'>addfast</subfield></datafield></record>